@book{hennessyxxxx,
  author={John Hennessy and David~A. Patterson},
  title={{Computer Architecture. A Quantiative Approach}},
  edition=5,
  publisher={Morgan-Kauffman},

  year=2012,
}


@book{williams:2012,
  author={Anthony Williams},
  title={{C++ Concurrency in Action: Practical Multithreading}},
  publisher={Manning Publications},
  
  year=2012,
  month=mar,
}

@comment{
  The Free Lunch is over
  Welcome to the jungle
}
